<?xml version="1.0" encoding="UTF-8"?><record xmlns="http://www.loc.gov/MARC21/slim" xmlns:cinclude="http://apache.org/cocoon/include/1.0" xmlns:zs="http://www.loc.gov/zing/srw/">
  <leader>00485cz  a2200133n  4500</leader>
  <controlfield tag="001">n 2010210436</controlfield>
  <controlfield tag="003">DLC</controlfield>
  <controlfield tag="005">20110514074855.0</controlfield>
  <controlfield tag="008">110513n| acannaabn          |a aaa      </controlfield>
  <datafield tag="010" ind1=" " ind2=" ">
    <subfield code="a">n 2010210436</subfield>
  </datafield>
  <datafield tag="040" ind1=" " ind2=" ">
    <subfield code="a">DLC</subfield>
    <subfield code="b">eng</subfield>
    <subfield code="c">DLC</subfield>
  </datafield>
  <datafield tag="100" ind1="1" ind2=" ">
    <subfield code="a">Veera Reddy, P.</subfield>
  </datafield>
  <datafield tag="400" ind1="1" ind2=" ">
    <subfield code="a">Reddy, P. Veera</subfield>
  </datafield>
  <datafield tag="670" ind1=" " ind2=" ">
    <subfield code="a">Commercial's how to handle customs problems, 2011:</subfield>
    <subfield code="b">t.p. (P. Veera Reddy; IRS) jkt. (asst. commissioner of Customs, Central Excise and Service tax; currently working in Air cargo complex, Chennai)</subfield>
  </datafield>
</record>